@Article{himes2014,
    author = {{Himes} and B. E. and {Jiang} and {X.} and {Wagner} and {P.} and {Hu} and {R.} and {Wang} and {Q.} and {Klanderman} and {B.} and {Whitaker} and R. M. and {Duan} and {Q.} and {Lasky-Su} and {J.} and {Nikolos} and {C.} and {Jester} and {W.} and {Johnson} and {M.} and {Panettieri} and R. A. and {Tantisira} and K. G. and {Weiss} and S. T. and {Lu} and {Q.}},
    title = {{{R}{N}{A}-{S}eq {T}ranscriptome {P}rofiling {I}dentifies {C}{R}{I}{S}{P}{L}{D}2 as a {G}lucocorticoid {R}esponsive {G}ene that {M}odulates {C}ytokine {F}unction in {A}irway {S}mooth {M}uscle {C}ells}},
    journal = {PLoS ONE},
    year = {2014},
    volume = {9},
    number = {6},
    pages = {e99625},
    doi = {10.1371/journal.pone.0099625},
  }

  @Article{anders2010,
    title = {Differential expression analysis for sequence count data},
    author = {Simon Anders and Wolfgang Huber},
    year = {2010},
    journal = {Genome Biology},
    volume = {11},
    pages = {R106},
    doi = {10.1186/gb-2010-11-10-r106},
  }

  @Article{tarazona2011,
    title = {Differential expression in RNA-seq: a matter of depth},
    author = {Tarazona S and Garcia-Alcalde F and Dopazo J and Ferrer A and Conesa A },
    year = {2011},
    journal = {Genome research},
    doi = {10.1101/gr.124321.111},
    volume = {21},
    issue = {12},
    pages = {4436},
    doi = {10.1101/gr.124321.111},
  }

  @Book{wickham2009,
    author = {Hadley Wickham},
    title = {ggplot2: Elegant Graphics for Data Analysis},
    publisher = {Springer-Verlag New York},
    year = {2009},
    isbn = {978-0-387-98140-6},
    url = {http://had.co.nz/ggplot2/book},
  }

  @Article{lawrence2013,
    title = {Software for Computing and Annotating Genomic Ranges},
    author = {Michael Lawrence and Wolfgang Huber and Herv\'e Pag\`es and Patrick Aboyoun and Marc Carlson and Robert Gentleman and Martin Morgan and Vincent Carey},
    year = {2013},
    journal = {{PLoS} Computational Biology},
    volume = {9},
    issue = {8},
    doi = {10.1371/journal.pcbi.1003118},
  }

  @Article{lawrence2009,
    title = {rtracklayer: an R package for interfacing with
                  genome browsers},
    author = {Michael Lawrence and Robert Gentleman and Vincent Carey},
    year = {2009},
    journal = {Bioinformatics},
    volume = {25},
    pages = {1841-1842},
    doi = {10.1093/bioinformatics/btp328},
  }

    @Article{ritchie2015,
    author = {Matthew E Ritchie and Belinda Phipson and Di Wu and Yifang Hu and Charity W Law and Wei Shi and Gordon K Smyth},
    title = {{limma} powers differential expression analyses for {RNA}-sequencing and microarray studies},
    journal = {Nucleic Acids Research},
    year = {2015},
    volume = {43},
    number = {7},
    pages = {e47},
    doi = {10.1093/nar/gkv007},
  }

  @book{harrell__regression_2015,
	address = {Cham},
	series = {Springer {Series} in {Statistics}},
	title = {Regression {Modeling} {Strategies}},
	isbn = {978-3-319-19424-0 978-3-319-19425-7},
	url = {http://link.springer.com/10.1007/978-3-319-19425-7},
	urldate = {2016-05-03},
	publisher = {Springer International Publishing},
	author = {Harrell ,, Frank E.},
	year = {2015}
}
